@article{StanfordPaper,
  title={A large-scale analysis of racial disparities in police stops across the United States},
  author={E. Pierson, C. Simoiu, J. Overgoor, S. Corbett-Davies, D. Jenson, A. Shoemaker, V. Ramachandran, P. Barghouty, C. Phillips, R. Shroff, and S. Goel.},
  journal={Nature Human Behaviour},
  volume={4},
  year={2020}
}

@misc{StanfordWeb,
  title = {The Stanford Open Policing Project},
  year = {2021},
  note = {Last accessed 28 December 2021},
  url = {https://openpolicing.stanford.edu/}
}

@misc{WeatherWeb,
  title = {National Centers for Environmental Information},
  author = {Natinonal oceanic and atmospheric administration},
  year = {2021},
  note = {Last accessed 28 December 2021},
  url = {https://www.ncei.noaa.gov/}
}

@misc{DataCamp,
  title = {DataCamp},
  year = {2022},
  url = {https://www.datacamp.com/}
}

@misc{WeatherWeb1,
  title = {National Centers for Environmental Information by station},
  author = {Natinonal oceanic and atmospheric administration},
  year = {2021},
  note = {Last accessed 28 December 2021},
  url = {https://www1.ncdc.noaa.gov/pub/data/ghcn/daily/by_station/}
